@article{ifftConfortDoF,
  title={Reducing visual discomfort with HMDs using dynamic depth of field},
  author={Carnegie, Kieran and Rhee, Taehyun},
  journal={IEEE computer graphics and applications},
  volume={35},
  number={5},
  pages={34--41},
  year={2015},
  publisher={IEEE}
}
@article{disconfortReview,
	title={Causes of discomfort in stereoscopic content: a review},
	author={Terzic, Kasim and Hansard, Miles},
	journal={arXiv preprint arXiv:1703.04574},
	year={2017}
}
@article{vergenceDisconfort,
	title={Vergence--accommodation conflicts hinder visual performance and cause visual fatigue},
	author={Hoffman, David M and Girshick, Ahna R and Akeley, Kurt and Banks, Martin S},
	journal={Journal of vision},
	volume={8},
	number={3},
	pages={33--33},
	year={2008},
	publisher={The Association for Research in Vision and Ophthalmology}
}
@inproceedings{vismerge,
	title={VisMerge: Light Adaptive Vision Augmentation via Spectral and Temporal Fusion of Non-visible Light},
	author={Orlosky, Jason and Kim, Peter and Kiyokawa, Kiyoshi and Mashita, Tomohiro and Ratsamee, Photchara and Uranishi, Yuki and Takemura, Haruo},
	booktitle={Mixed and Augmented Reality (ISMAR), 2017 IEEE International Symposium on},
	pages={22--31},
	year={2017},
	organization={IEEE}
}
@article{ssqQuestion,
	title={Simulator sickness questionnaire: An enhanced method for quantifying simulator sickness},
	author={Kennedy, Robert S and Lane, Norman E and Berbaum, Kevin S and Lilienthal, Michael G},
	journal={The international journal of aviation psychology},
	volume={3},
	number={3},
	pages={203--220},
	year={1993},
	publisher={Taylor \& Francis}
}
@misc{web:trello,
	author = {Atlassian},
	title = {Trello},
	howpublished = "\url{https://trello.com}",
	year = {2018},
	note = {Last access March 9 2018},
}
@misc{web:github,
	author = {GitHub Inc.},
	title = {Github},
	howpublished = "\url{https://github.com/}",
	year = {2018},
	note = {Last access March 9 2018},
}
@misc{web:githubDesktop,
	author = {GitHub Inc.},
	title = {Github Desktop},
	howpublished = "\url{https://desktop.github.com/}",
	year = {2018},
	note = {Last access March 9 2018},
}
@misc{web:qt,
	author = {The QT Company},
	title = {QT},
	howpublished = "\url{https://www.qt.io/}",
	year = {2018},
	note = {Last access March 9 2018},
}
@INPROCEEDINGS{web:LIBELAS,
	author = {Andreas Geiger and Martin Roser and Raquel Urtasun},
	title = {Efficient Large-Scale Stereo Matching},
	booktitle = {Asian Conference on Computer Vision (ACCV)},
	year = {2010}
} 
@inproceedings{web:mitplaces,
	title={Learning deep features for scene recognition using places database},
	author={Zhou, Bolei and Lapedriza, Agata and Xiao, Jianxiong and Torralba, Antonio and Oliva, Aude},
	booktitle={Advances in neural information processing systems},
	pages={487--495},
	year={2014}
}
@inproceedings{web:middelburyDataset,
	title={High-resolution stereo datasets with subpixel-accurate ground truth},
	author={Scharstein, Daniel and Hirschm{\"u}ller, Heiko and Kitajima, York and Krathwohl, Greg and Ne{\v{s}}i{\'c}, Nera and Wang, Xi and Westling, Porter},
	booktitle={German Conference on Pattern Recognition},
	pages={31--42},
	year={2014},
	organization={Springer}
}
@article{web:indecs,
	title={The kth-indecs database},
	author={Pronobis, Andrzej and Caputo, Barbara},
	journal={Kungliga Tekniska Hoegskolan, CVAP, Tech. Rep. CVAP297},
	year={2005}
}
@misc{web:leanMethod,
	author = {David J., Anderson},
	title = {Lean Software Development},
	howpublished = "\url{https://msdn.microsoft.com/en-us/library/hh533841(v=vs.120).aspx}",
	year = {November 2011, updated in November 2012},
	note = {Last access March 9 2018},
}
@misc{web:oculus,
	author = {Facebook Inc.},
	title = {Oculus rift},
	howpublished = "\url{https://www.oculus.com/}",
	year = {2018},
	note = {Last access March 10 2018},
}
@misc{web:vive,
	author = {HTC Corporation},
	title = {Vive},
	howpublished = "\url{https://www.vive.com/us/}",
	year = {2018},
	note = {Last access March 10 2018},
}
@inproceedings{hdmSutherland,
	title={A head-mounted three dimensional display},
	author={Sutherland, Ivan E},
	booktitle={Proceedings of the December 9-11, 1968, fall joint computer conference, part I},
	pages={757--764},
	year={1968},
	organization={ACM}
}
@UNPUBLISHED{unpublishCVC,
	title={Unpublished: User Testing resume},
	author={Coen Antens},
	year={2018}
	}